<collection xmlns="http://www.loc.gov/MARC21/slim">
<record>
  <leader>01211nam0a2200265 i 450 </leader>
  <controlfield tag="001">IT\ICCU\CNCE\016402</controlfield>
  <controlfield tag="005">20030919000000.0</controlfield>
  <datafield tag="012" ind1=" " ind2=" ">
    <subfield code="a">lial coos e.ne Coso (3) 1542 (R)</subfield>
    <subfield code="2">fei</subfield>
  </datafield>
  <datafield tag="100" ind1=" " ind2=" ">
    <subfield code="a">19970101d1542        0itac0103    ba</subfield>
  </datafield>
  <datafield tag="101" ind1=" " ind2=" ">
    <subfield code="a">ITA</subfield>
  </datafield>
  <datafield tag="102" ind1=" " ind2=" ">
    <subfield code="a">IT</subfield>
  </datafield>
  <datafield tag="200" ind1="1" ind2=" ">
    <subfield code="a">℗\Li ℗sei contenti, comedia dell&apos;ill. s. Galiotto del Carretto!</subfield>
  </datafield>
  <datafield tag="210" ind1=" " ind2=" ">
    <subfield code="e">Impressa in Casal di San Vaso</subfield>
    <subfield code="g">per Gioan Antonio Guidone</subfield>
    <subfield code="h">1542</subfield>
  </datafield>
  <datafield tag="215" ind1=" " ind2=" ">
    <subfield code="a">32 c.</subfield>
    <subfield code="d">8ʻ</subfield>
  </datafield>
  <datafield tag="300" ind1=" " ind2=" ">
    <subfield code="a">Il titolo si ricava dall&apos;explicit. Frontespizio molto danneggiato</subfield>
  </datafield>
  <datafield tag="620" ind1=" " ind2=" ">
    <subfield code="a">IT</subfield>
    <subfield code="d">Casale Monferrato</subfield>
  </datafield>
  <datafield tag="700" ind1=" " ind2="1">
    <subfield code="a">Del_Carretto,</subfield>
    <subfield code="b">Galeotto</subfield>
    <subfield code="3">IT\ICCU\CNCA\004684</subfield>
  </datafield>
  <datafield tag="712" ind1="0" ind2="0">
    <subfield code="a">Guidone, Giovanni Antonio</subfield>
    <subfield code="3">IT\ICCU\CNCT\001169</subfield>
    <subfield code="4">650</subfield>
  </datafield>
  <datafield tag="790" ind1=" " ind2="1">
    <subfield code="a">Carreto,</subfield>
    <subfield code="b">Galeotto : del</subfield>
    <subfield code="3">IT\ICCU\CNCA\004685</subfield>
    <subfield code="z">Del_Carretto, Galeotto</subfield>
  </datafield>
  <datafield tag="790" ind1=" " ind2="1">
    <subfield code="a">Carretto,</subfield>
    <subfield code="b">Galeotto</subfield>
    <subfield code="3">IT\ICCU\CNCA\018500</subfield>
    <subfield code="z">Del_Carretto, Galeotto</subfield>
  </datafield>
  <datafield tag="790" ind1=" " ind2="1">
    <subfield code="a">Carretto,</subfield>
    <subfield code="b">Galeotto : dal</subfield>
    <subfield code="3">IT\ICCU\CNCA\023220</subfield>
    <subfield code="z">Del_Carretto, Galeotto</subfield>
  </datafield>
  <datafield tag="790" ind1=" " ind2="1">
    <subfield code="a">Dal_Carretto,</subfield>
    <subfield code="b">Galeotto</subfield>
    <subfield code="3">IT\ICCU\CNCA\023221</subfield>
    <subfield code="z">Del_Carretto, Galeotto</subfield>
  </datafield>
  <datafield tag="791" ind1="0" ind2="0">
    <subfield code="a">Guido, Ioannes Antonius</subfield>
    <subfield code="3">IT\ICCU\CNCT\005092</subfield>
    <subfield code="z">Guidone, Giovanni Antonio</subfield>
  </datafield>
  <datafield tag="801" ind1=" " ind2="3">
    <subfield code="a">IT</subfield>
    <subfield code="b">ICCU</subfield>
    <subfield code="c">20201114</subfield>
  </datafield>
  <datafield tag="899" ind1=" " ind2=" ">
    <subfield code="a">Biblioteca comunale dell&apos;Archiginnasio. Bologna</subfield>
    <subfield code="1">BO0304</subfield>
    <subfield code="2">UBO GA</subfield>
  </datafield>
</record>
</collection>
